@ARTICLE{Luger2021,
       author = { {Luger}, Rodrigo and {Bedell}, Megan and {Foreman-Mackey}, Daniel and {Crossfield}, Ian J.~M. and {Zhao}, Lily L. and {Hogg}, David W.},
        title = "{Mapping stellar surfaces III: An Efficient, Scalable, and Open-Source Doppler Imaging Model}",
      journal = {arXiv e-prints},
     keywords = {Astrophysics - Solar and Stellar Astrophysics, Astrophysics - Earth and Planetary Astrophysics, Astrophysics - Instrumentation and Methods for Astrophysics},
         year = 2021,
        month = oct,
          eid = {arXiv:2110.06271},
        pages = {arXiv:2110.06271},
archivePrefix = {arXiv},
       eprint = {2110.06271},
 primaryClass = {astro-ph.SR},
       adsurl = {https://ui.adsabs.harvard.edu/abs/2021arXiv211006271L},
      adsnote = {Provided by the SAO/NASA Astrophysics Data System}
}

@INCOLLECTION{Neal2011,
       author = {{Neal}, Radford},
        title = "{MCMC Using Hamiltonian Dynamics}",
     keywords = {Statistics - Computation, Physics - Computational Physics},
    booktitle = {Handbook of Markov Chain Monte Carlo},
         year = 2011,
        pages = {113-162},
          doi = {10.1201/b10905},
       adsurl = {https://ui.adsabs.harvard.edu/abs/2011hmcm.book..113N},
      adsnote = {Provided by the SAO/NASA Astrophysics Data System}
}

@ARTICLE{Hoffman2011,
       author = {{Hoffman}, Matthew D. and {Gelman}, Andrew},
        title = "{The No-U-Turn Sampler: Adaptively Setting Path Lengths in Hamiltonian Monte Carlo}",
      journal = {arXiv e-prints},
     keywords = {Statistics - Computation, Computer Science - Machine Learning},
         year = 2011,
        month = nov,
          eid = {arXiv:1111.4246},
        pages = {arXiv:1111.4246},
          doi = {10.48550/arXiv.1111.4246},
archivePrefix = {arXiv},
       eprint = {1111.4246},
 primaryClass = {stat.CO},
       adsurl = {https://ui.adsabs.harvard.edu/abs/2011arXiv1111.4246H},
      adsnote = {Provided by the SAO/NASA Astrophysics Data System}
}

@inproceedings{Ge2018,
  author    = {Hong Ge and
               Kai Xu and
               Zoubin Ghahramani},
  title     = {Turing: a language for flexible probabilistic inference},
  booktitle = {International Conference on Artificial Intelligence and Statistics,
               {AISTATS} 2018, 9-11 April 2018, Playa Blanca, Lanzarote, Canary Islands,
               Spain},
  pages     = {1682--1690},
  year      = {2018},
  url       = {http://proceedings.mlr.press/v84/ge18b.html},
  biburl    = {https://dblp.org/rec/bib/conf/aistats/GeXG18},
}